@CONFERENCE{Chen2020,
author={Chen, J. and Wilensky, U.},
title={NetLogo mobile: An agent-based modeling platform and community for learners, teachers, and researchers},
journal={Computer-Supported Collaborative Learning Conference, CSCL},
year={2020},
volume={5},
pages={2633-2634}
}
@article{Borsboom2013,
title={Network analysis: an integrative approach to the structure of psychopathology},
author={Borsboom, Denny and Cramer, Ang{\'e}lique OJ},
journal={Annual Review of Clinical Psychology},
volume={9},
pages={91--121},
year={2013},
publisher={Annual Reviews}
}
@article{Wooldridge1995,
title={Intelligent agents: Theory and practice},
author={Wooldridge, Michael J and Jennings, Nicholas R},
journal={The Knowledge Engineering Review},
volume={10},
number={2},
pages={115--152},
year={1995}
}
@inproceedings{Tisue2004,
  title={Netlogo: A simple environment for modeling complexity},
  author={Tisue, Seth and Wilensky, Uri},
  booktitle={International conference on complex systems},
  volume={21},
  pages={16--21},
  year={2004},
  organization={Boston, MA}
}
@article{Yachou2018,
title={Agent Based Modeling and Simulation for Home Financing. Application in Netlogo Platform.},
author={Yachou, Najlae and Aboulaich, R},
journal={Journal of Applied Economic Sciences},
volume={13},
number={3},
year={2018}
}
@inproceedings{Sulis2020,
title={Simulation of misinformation spreading processes in social networks: an application with NetLogo},
author={Sulis, Emilio and Tambuscio, Marcella},
booktitle={2020 IEEE 7th International Conference on Data Science and Advanced Analytics (DSAA)},
pages={614--618},
year={2020},
organization={IEEE}
}
@article{Salecker2019,
title={The nlrx r package: A next-generation framework for reproducible NetLogo model analyses},
author={Salecker, Jan and Sciaini, Marco and Meyer, Katrin M and Wiegand, Kerstin},
journal={Methods in Ecology and Evolution},
volume={10},
number={11},
pages={1854--1863},
year={2019},
publisher={Wiley Online Library}
}