@article{Mair2016,
  title={Thou shalt be reproducible! A technology perspective},
  author={Mair, Patrick},
  journal={Frontiers in Psychology},
  volume={7},
  pages={1079},
  year={2016},
  publisher={Frontiers}
}
@article{Mckiernan2016,
  title={Point of view: How open science helps researchers succeed},
  author={McKiernan, Erin C and Bourne, Philip E and Brown, C Titus and Buck, Stuart and Kenall, Amye and Lin, Jennifer and McDougall, Damon and Nosek, Brian A and Ram, Karthik and Soderberg, Courtney K and others},
  journal={elife},
  volume={5},
  pages={e16800},
  year={2016},
  publisher={eLife Sciences Publications Limited}
}
@article{Ikeda2019,
title={Questionable research practices following pre-registration},
author={Ikeda, Ayumi and Xu, Haoqin and Fuji, Naoto and Zhu, Siqi and Yamada, Yuki},
year={2019},
journal={Japanese Psychological Review},
volume=62,
number=3,
pages={281-295}
}
@article{Epskamp2019,
title={Reproducibility and replicability in a fast-paced methodological world},
author={Epskamp, Sacha},
journal={Advances in Methods and Practices in Psychological Science},
volume={2},
number={2},
pages={145--155},
year={2019}
}
@article{Kraft2021,
  title={Practice what you preach: Credibility-enhancing displays and the growth of open science},
  author={Kraft-Todd, Gordon T and Rand, David G},
  journal={Organizational Behavior and Human Decision Processes},
  volume={164},
  pages={1--10},
  year={2021},
  publisher={Elsevier}
}
@article{Sarafoglou2020,
  title={Teaching good research practices: Protocol of a research master course},
  author={Sarafoglou, Alexandra and Hoogeveen, Suzanne and Matzke, Dora and Wagenmakers, Eric-Jan},
  journal={Psychology Learning \& Teaching},
  volume={19},
  number={1},
  pages={46--59},
  year={2020},
  publisher={SAGE Publications Sage UK: London, England}
}
@ARTICLE{Ignat2021,
author={Ignat, T. and Ayris, P.},
title={Built to last! Embedding open science principles and practice into European universities},
journal={Insights: the UKSG Journal},
year={2021},
volume={33},
doi={10.1629/UKSG.501}
}

@ARTICLE{Gehlbach2021,
author={Gehlbach, H. and Robinson, C.D.},
title={From old school to open science: The implications of new research norms for educational psychology and beyond},
journal={Educational Psychologist},
year={2021},
doi={10.1080/00461520.2021.1898961}
}

@ARTICLE{Garfinkel2021,
author={Garfinkel, M.},
title={Towards the right standards the intersection of open science, responsible research and innovation, and standards},
journal={Metode},
year={2021},
volume={2021},
number={11},
pages={99-103},
doi={10.7203/metode.11.16103}
}

@ARTICLE{Morling2020,
author={Morling, B. and Calin-Jageman, R.J.},
title={What Psychology Teachers Should Know About Open Science and the New Statistics},
journal={Teaching of Psychology},
year={2020},
volume={47},
number={2},
pages={169-179},
doi={10.1177/0098628320901372}
}