@article{Teichert2020,
author={Teichert, T. and Rezaei, S. and Correa, J. C.},
title={Customers’ experiences of fast food delivery services: uncovering the semantic core benefits, actual and augmented product by text mining},
year={2020},
volume={122},
number={11},
pages={3513-3528},
journal={British Food Journal},
doi={10.1108/BFJ-12-2019-0909}
}
@misc{nosek2021,
 title={Replicability, Robustness, and Reproducibility in Psychological Science},
 url={psyarxiv.com/ksfvq},
 DOI={10.31234/osf.io/ksfvq},
 publisher={PsyArXiv},
 author={Nosek, Brian A and Hardwicke, Tom E and Moshontz, Hannah and Allard, Aurélien and Corker, Katherine S and Dreber, Anna and Fidler, Fiona and Hilgard, Joseph and Kline Struhl, Melissa and Nuijten, Michele B and et al.},
 year={2021},
 month={Feb}
}
@article{Fulton2008,
title={Using Anscombe's quartet plus one to illustrate data set matching, proper model specification, and relationships between inferential tests},
author={Fulton, Lawrence and Mangelsdorff, A David and Finstuen, Kenn},
journal={The Journal of health administration education},
volume={25},
number={2},
year={2008},
publisher={Association of University Programs in Health Administration}
}
@article{Mair2020,
title={{Robust statistical methods in R using the WRS2 package}},
author={Mair, Patrick and Wilcox, Rand},
journal={Behavior Research Methods},
volume=52,
pages={464--488},
year={2020},
  publisher={Springer}
}
@article{Zhang2016,
title={Robust coefficients alpha and omega and confidence intervals with outlying observations and missing data: methods and software},
author={Zhang, Zhiyong and Yuan, Ke-Hai},
journal={Educational and Psychological Measurement},
volume={76},
number={3},
pages={387--411},
year={2016},
publisher={Sage Publications
  Sage CA: Los Angeles, CA}
}
@article{Simmons2011,
title={False-positive psychology: Undisclosed flexibility in data collection and analysis allows presenting anything as significant},
author={Simmons, Joseph P and Nelson, Leif D and Simonsohn, Uri},
journal={Psychological Science},
volume={22},
number={11},
pages={1359--1366},
year={2011}
}
@article{Hogan2004,
title={An empirical study of reporting practices concerning measurement validity},
author={Hogan, Thomas P and Agnello, Jessica},
journal={Educational and Psychological Measurement},
volume={64},
number={5},
pages={802--812},
year={2004}
}
@article{Open2015,
title={Estimating the reproducibility of psychological science},
author={{Open Science Collaboration}},
journal={Science},
volume={349},
number={6251},
year={2015},
doi={10.1126/science.aac4716}
  }
@article{Baker2016,
  title={1,500 scientists lift the lid on reproducibility},
  author={Baker, Monya},
  journal={Nature News},
  volume={533},
  number={7604},
  pages={452},
  year={2016}
}
@article{Epskamp2019,
title={Reproducibility and replicability in a fast-paced methodological world},
author={Epskamp, Sacha},
journal={Advances in Methods and Practices in Psychological Science},
volume={2},
number={2},
pages={145--155},
year={2019},
doi={10.1177/2515245919847421}
}