@article{Serra2021,
title={Nonreplicable publications are cited more than replicable ones},
author={Serra-Garcia, Marta and Gneezy, Uri},
journal={Science advances},
volume={7},
number={21},
pages={eabd1705},
year={2021},
doi={10.1126/sciadv.abd1705}
}
@article{Nosek2015,
  title={Promoting an open research culture},
  author={Nosek, Brian A and Alter, George and Banks, George C and Borsboom, D and Bowman, SD and Breckler, SJ and Buck, S and Chambers, Christopher D and Chin, G and Christensen, G and others},
  journal={Science},
  volume={348},
  number={6242},
  pages={1422--1425},
  year={2015},
  publisher={American Association for the Advancement of Science}
}
@article{Bourne2017,
  title={Ten simple rules to consider regarding preprint submission},
  author={Bourne, Philip E and Polka, Jessica K and Vale, Ronald D and Kiley, Robert},
  journal={{PLoS Computational Biology}},
  volume={13},
  number={5},
  pages={e1005473},
  year={2017},
  publisher={Public Library of Science}
}