@article{open2015,
  title={Estimating the reproducibility of psychological science},
  author={{Open Science Collaboration}},
  journal={Science},
  volume={349},
  number={6251},
  pages={aac4716},
  year={2015},
  publisher={American Association for the Advancement of Science}
}
@article{Thiriot2018,
  title={Word-of-mouth dynamics with information seeking: Information is not (only) epidemics},
  author={Thiriot, Samuel},
  journal={Physica A: Statistical Mechanics and its Applications},
  volume={492},
  pages={418--430},
  year={2018},
  publisher={Elsevier}
}
@article{Epskamp2019,
  title={Reproducibility and Replicability in a Fast-paced Methodological World},
  author={Epskamp, Sacha},
  journal={Advances in Methods and Practices in Psychological Science},
  volume={2},
  number={2},
  pages={145--155},
  year={2019},
  publisher={SAGE Publications Sage CA: Los Angeles, CA}
}
@book{Wilensky2015,
  title={An introduction to agent-based modeling: modeling natural, social, and engineered complex systems with NetLogo},
  author={Wilensky, Uri and Rand, William},
  year={2015},
  publisher={MIT Press}
}