@ARTICLE{Aria2017,
author={Aria, M. and Cuccurullo, C.},
title={{bibliometrix: An R-tool for comprehensive science mapping analysis}},
journal={Journal of Informetrics},
year={2017},
volume={11},
number={4},
pages={959-975},
doi={10.1016/j.joi.2017.08.007}
}