@article{Martinkova2018,
  author = {Martinková, P. and Drabinová, A.},
  title = {{ShinyItemAnalysis for Teaching Psychometrics and to Enforce
          Routine Analysis of Educational Tests}},
  year = {2018},
  journal = {{The R Journal}},
  doi = {10.32614/RJ-2018-074},
  pages = {503--515},
  volume = {10},
  number = {2}
}